@article{LiptonKEW15,
  author    = {Zachary Chase Lipton and
               David C. Kale and
               Charles Elkan and
               Randall C. Wetzel},
  title     = {Learning to Diagnose with {LSTM} Recurrent Neural Networks},
  journal   = {CoRR},
  volume    = {abs/1511.03677},
  year      = {2015},
  url       = {http://arxiv.org/abs/1511.03677},
  archivePrefix = {arXiv},
  eprint    = {1511.03677},
  timestamp = {Wed, 07 Jun 2017 14:40:10 +0200},
  biburl    = {https://dblp.org/rec/bib/journals/corr/LiptonKEW15},
  bibsource = {dblp computer science bibliography, https://dblp.org}
}

@article{SakSB14,
  author    = {Hasim Sak and
               Andrew W. Senior and
               Fran{\c{c}}oise Beaufays},
  title     = {Long Short-Term Memory Based Recurrent Neural Network Architectures
               for Large Vocabulary Speech Recognition},
  journal   = {CoRR},
  volume    = {abs/1402.1128},
  year      = {2014},
  url       = {http://arxiv.org/abs/1402.1128},
  archivePrefix = {arXiv},
  eprint    = {1402.1128},
  timestamp = {Wed, 07 Jun 2017 14:42:49 +0200},
  biburl    = {https://dblp.org/rec/bib/journals/corr/SakSB14},
  bibsource = {dblp computer science bibliography, https://dblp.org}
}